@article{art_gen,
  author    = {Ahmed M. Elgammal and
               Bingchen Liu and
               Mohamed Elhoseiny and
               Marian Mazzone},
  title     = {{CAN:} Creative Adversarial Networks, Generating "Art" by Learning
               About Styles and Deviating from Style Norms},
  journal   = {CoRR},
  volume    = {abs/1706.07068},
  year      = {2017},
  url       = {http://arxiv.org/abs/1706.07068},
  archivePrefix = {arXiv},
  eprint    = {1706.07068},
  timestamp = {Mon, 03 Jul 2017 13:29:02 +0200},
  biburl    = {http://dblp.org/rec/bib/journals/corr/ElgammalLEM17},
  bibsource = {dblp computer science bibliography, http://dblp.org}
}

@article{DCGAN,
  author    = {Alec Radford and
               Luke Metz and
               Soumith Chintala},
  title     = {Unsupervised Representation Learning with Deep Convolutional Generative
               Adversarial Networks},
  journal   = {CoRR},
  volume    = {abs/1511.06434},
  year      = {2015},
  url       = {http://arxiv.org/abs/1511.06434},
  archivePrefix = {arXiv},
  eprint    = {1511.06434},
  timestamp = {Wed, 07 Jun 2017 14:40:30 +0200},
  biburl    = {http://dblp.org/rec/bib/journals/corr/RadfordMC15},
  bibsource = {dblp computer science bibliography, http://dblp.org}
}

@article{MIDI_net,
  author    = {Li{-}Chia Yang and
               Szu{-}Yu Chou and
               Yi{-}Hsuan Yang},
  title     = {MidiNet: {A} Convolutional Generative Adversarial Network for Symbolic-domain
               Music Generation using 1D and 2D Conditions},
  journal   = {CoRR},
  volume    = {abs/1703.10847},
  year      = {2017},
  url       = {http://arxiv.org/abs/1703.10847},
  archivePrefix = {arXiv},
  eprint    = {1703.10847},
  timestamp = {Wed, 07 Jun 2017 14:42:15 +0200},
  biburl    = {http://dblp.org/rec/bib/journals/corr/YangCY17},
  bibsource = {dblp computer science bibliography, http://dblp.org}
}

